@String(OE = {Opt. Eng.})
@String(AESMag = {IEEE Aerosp. Electron. Syst. Mag.})
@String(EURASIP = {EURASIP J. Adv. Signal Process.})
@String(EI = {Ecol. Indic.})
@String(NIPS = {Adv. Neural Inf. Process. Syst.})
@String(PAMI = {IEEE Trans. Pattern Anal. Mach. Intell.})
@String(IJCV = {Int. J. Comput. Vis.})
@String(CVPR= {IEEE Conf. Comput. Vis. Pattern Recog.})
@String(ICCV= {Int. Conf. Comput. Vis.})
@String(ECCV= {Eur. Conf. Comput. Vis.})
@String(NIPS= {Adv. Neural Inform. Process. Syst.})
@String(ICPR = {Int. Conf. Pattern Recog.})
@String(BMVC= {Brit. Mach. Vis. Conf.})
@String(TOG= {ACM Trans. Graph.})
@String(TIP  = {IEEE Trans. Image Process.})
@String(TVCG  = {IEEE Trans. Vis. Comput. Graph.})
@String(TMM  = {IEEE Trans. Multimedia})
@String(ACMMM= {ACM Int. Conf. Multimedia})
@String(ICME = {Int. Conf. Multimedia and Expo})
@String(ICASSP=	{ICASSP})
@String(ICIP = {IEEE Int. Conf. Image Process.})
@String(ACCV  = {ACCV})
@String(ICLR = {Int. Conf. Learn. Represent.})
@String(IJCAI = {IJCAI})
@String(PR   = {Pattern Recognition})
@String(AAAI = {AAAI})
@String(CVPRW= {IEEE Conf. Comput. Vis. Pattern Recog. Worksh.})
@String(CSVT = {IEEE Trans. Circuit Syst. Video Technol.})

@String(SPL	= {IEEE Sign. Process. Letters})
@String(VR   = {Vis. Res.})
@String(JOV	 = {J. Vis.})
@String(TVC  = {The Vis. Comput.})
@String(JCST  = {J. Comput. Sci. Tech.})
@String(CGF  = {Comput. Graph. Forum})
@String(CVM = {Computational Visual Media})


@String(GRSM   =	{IEEE Geosci. Remote Sens. Mag.})
@String(GRSL   =	{IEEE Geosci. Remote Sens. Lett.})
@String(TGRS   =	{IEEE Trans. Geosci. Remote Sens.})
@String(JSTARS   =	{IEEE J. Sel. Top. Appl. Earth Obs. Remote Sens.})
@String(PERS   =	{Photogramm. Eng. Remote Sensing})
@String(IJRS   =	{Int. J. Remote Sens.})
@String(RS   =	{Remote Sens.})
@String(IF   =	{Inf Fusion.})
@String(RSE   =	{Remote Sens. Environ.})
@String(ITC   =	{IEEE Trans. Commun.})
@String(TNNLS   =	{IEEE Trans. Neural Netw. Learn. Syst.})
@String(ISO4   =	{Neurocomputing})
@String(JAG   =	{Int. J. Appl. Earth Obs.})
@String(TASSP   =	{IEEE Trans. Acoust. Speech Signal Process.})

@String(OE = {Opt. Eng.})


@String(EI = {Ecol. Indic.})
@String(NIPS = {Adv. Neural Inf. Process. Syst.})
@String(NM = {Numer. Math.})
@String(ARXIV = {arXiv preprint arXiv:1611.04231})
@String(TKDE = {IEEE Trans. Knowl. Data Eng.})
@String(CIT = {CAAI Trans. Intell. Technol.})
@String(IEEESensors = {IEEE Sensors J.})
@String(APPS = {Appl. Sci.})




@article{RGAE,
  author   = {Fan, Ganghui and Ma, Yong and Mei, Xiaoguang and Fan, Fan and Huang, Jun and Ma, Jiayi},
  journal  = TGRS,
  title    = {Hyperspectral Anomaly Detection With Robust Graph Autoencoders},
  year     = {2022},
  volume   = {60},
  number   = {},
  pages    = {1-14},
  keywords = {Training;Detectors;Anomaly detection;Hyperspectral imaging;Feature extraction;Fans;Task analysis;Autoencoders (AEs);graph Laplacian matrix;hyperspectral anomaly detection;l₂,₁-norm;spatial information},
  doi      = {10.1109/TGRS.2021.3097097}
}



@article{PTA,
  author   = {Li, Lu and Li, Wei and Qu, Ying and Zhao, Chunhui and Tao, Ran and Du, Qian},
  journal  = TNNLS,
  title    = {Prior-Based Tensor Approximation for Anomaly Detection in Hyperspectral Imagery},
  year     = {2022},
  volume   = {33},
  number   = {3},
  pages    = {1037-1050},
  keywords = {Tensors;Anomaly detection;Hyperspectral imaging;Sparse matrices;Learning systems;TV;Matrix decomposition;Anomaly detection;hyperspectral image;low-rank and sparse;tensor approximation},
  doi      = {10.1109/TNNLS.2020.3038659}
}


@article{DirectNet,
  author   = {Wang, Degang and Zhuang, Lina and Gao, Lianru and Sun, Xu and Zhao, Xiaobin and Plaza, Antonio},
  journal  = TGRS,
  title    = {Sliding Dual-Window-Inspired Reconstruction Network for Hyperspectral Anomaly Detection},
  year     = {2024},
  volume   = {62},
  number   = {},
  pages    = {1-15},
  keywords = {Image reconstruction;Windows;Task analysis;Dictionaries;Detectors;Training;Predictive models;Blind-spot network;convolutional neural networks (CNNs);deep learning (DL);hyperspectral images (HSIs);image reconstruction;self-supervised learning},
  doi      = {10.1109/TGRS.2024.3351179}
}



@article{SLIC,
  author   = {Achanta, Radhakrishna and Shaji, Appu and Smith, Kevin and Lucchi, Aurelien and Fua, Pascal and Süsstrunk, Sabine},
  journal  = PAMI,
  title    = {{SLIC} Superpixels Compared to State-of-the-Art Superpixel Methods},
  year     = {2012},
  volume   = {34},
  number   = {11},
  pages    = {2274-2282},
  keywords = {Clustering algorithms;Image segmentation;Complexity theory;Image color analysis;Image edge detection;Measurement uncertainty;Approximation algorithms;Superpixels;segmentation;clustering;k-means},
  doi      = {10.1109/TPAMI.2012.120}
}



@article{rs16163036,
  author         = {Yang, Zhiwei and Zhao, Rui and Meng, Xiangchao and Yang, Gang and Sun, Weiwei and Zhang, Shenfu and Li, Jinghui},
  title          = {A Multi-Scale Mask Convolution-Based Blind-Spot Network for Hyperspectral Anomaly Detection},
  journal        = RS,
  volume         = {16},
  year           = {2024},
  number         = {16},
  article-number = {3036},
  issn           = {2072-4292},
  doi            = {10.3390/rs16163036}
}


@article{RSAAE,
  author   = {Wang, Liguo and Wang, Xiaoyi and Vizziello, Anna and Gamba, Paolo},
  journal  = TGRS,
  title    = {{RSAAE}: Residual Self-Attention-Based Autoencoder for Hyperspectral Anomaly Detection},
  year     = {2023},
  volume   = {61},
  number   = {},
  pages    = {1-14},
  keywords = {Anomaly detection;Feature extraction;Hyperspectral imaging;Dictionaries;Training;Decoding;Sparse matrices;Autoencoder (AE);hyperspectral anomaly detection;low-rank loss function;reconstruction error;residual self-attention (RSA) module},
  doi      = {10.1109/TGRS.2023.3271719}
}






@article{PDBSNet,
  author   = {Wang, Degang and Zhuang, Lina and Gao, Lianru and Sun, Xu and Huang, Min and Plaza, Antonio J.},
  journal  = TGRS,
  title    = {{PDBSNet}: Pixel-Shuffle Downsampling Blind-Spot Reconstruction Network for Hyperspectral Anomaly Detection},
  year     = {2023},
  volume   = {61},
  number   = {},
  pages    = {1-14},
  keywords = {Image reconstruction;Hyperspectral imaging;Task analysis;Training;Predictive models;Pollution measurement;Detectors;Deep learning (DL);hyperspectral image (HSI);image reconstruction;neural network;self-supervised learning (self-SL)},
  doi      = {10.1109/TGRS.2023.3276175}
}



@article{BockNet,
  author   = {Wang, Degang and Zhuang, Lina and Gao, Lianru and Sun, Xu and Huang, Min and Plaza, Antonio},
  journal  = TGRS,
  title    = {{BockNet}: Blind-Block Reconstruction Network With a Guard Window for Hyperspectral Anomaly Detection},
  year     = {2023},
  volume   = {61},
  number   = {},
  pages    = {1-16},
  keywords = {Image reconstruction;Dictionaries;Detectors;Task analysis;Anomaly detection;Hyperspectral imaging;Training;Blind-spot network;convolutional neural network;deep learning (DL);hyperspectral image (HSI);image reconstruction;neural network;self-supervised learning},
  doi      = {10.1109/TGRS.2023.3335484}
}



@article{MSNet,
  author   = {Liu, Haijun and Su, Xi and Shen, Xiangfei and Zhou, Xichuan},
  journal  = TGRS,
  title    = {{MSNet}: Self-Supervised Multiscale Network With Enhanced Separation Training for Hyperspectral Anomaly Detection},
  year     = {2024},
  volume   = {62},
  number   = {},
  pages    = {1-13},
  keywords = {Training;Image reconstruction;Network architecture;Anomaly detection;Hyperspectral imaging;Detectors;Adaptation models;Enhanced separation training;hyperspectral anomaly detection (HAD);multiscale network;self-supervised learning},
  doi      = {10.1109/TGRS.2024.3411009}
}

@article{RXD,
  author   = {Reed, I.S. and Yu, X.},
  journal  = TASSP,
  title    = {Adaptive multiple-band CFAR detection of an optical pattern with unknown spectral distribution},
  year     = {1990},
  volume   = {38},
  number   = {10},
  pages    = {1760-1770},
  keywords = {Optical detectors;Adaptive optics;Testing;Layout;Electron optics;Detection algorithms;Signal analysis;Performance analysis;Statistical analysis;Signal to noise ratio},
  doi      = {10.1109/29.RXD}
}



@article{GAED,
  author   = {Xiang, Pei and Ali, Shahzad and Jung, Soon Ki and Zhou, Huixin},
  journal  = TGRS,
  title    = {Hyperspectral Anomaly Detection With Guided Autoencoder},
  year     = {2022},
  volume   = {60},
  number   = {},
  pages    = {1-18},
  keywords = {Anomaly detection;Feature extraction;Image reconstruction;Hyperspectral imaging;Sparse matrices;Matrix decomposition;Object detection;Anomaly detection;autoencoder (AE);guide image;hyperspectral image (HSI)},
  doi      = {10.1109/TGRS.2022.3207165}
}

@misc{sun2025decadedeeplearningremote,
      title={A Decade of Deep Learning for Remote Sensing Spatiotemporal Fusion: Advances, Challenges, and Opportunities}, 
      author={Enzhe Sun and Yongchuan Cui and Peng Liu and Jining Yan},
      year={2025},
      eprint={2504.00901},
      archivePrefix={arXiv},
      primaryClass={cs.CV},
}



@misc{BiGSeT,
  title         = {{BiGSeT}: Binary Mask-Guided Separation Training for DNN-based Hyperspectral Anomaly Detection},
  author        = {Haijun Liu and Xi Su and Xiangfei Shen and Lihui Chen and Xichuan Zhou},
  year          = {2023},
  eprint        = {2307.07428},
  archiveprefix = {arXiv},
  primaryclass  = {eess.IV}
}


@article{S2DWMTrans,
  author   = {Xiao, Song and Zhang, Tian and Xu, Zhangchun and Qu, Jiahui and Hou, Shaoxiong and Dong, Wenqian},
  journal  = JSTARS,
  title    = {Anomaly Detection of Hyperspectral Images Based on Transformer With Spatial–Spectral Dual-Window Mask},
  year     = {2023},
  volume   = {16},
  number   = {},
  pages    = {1414-1426},
  keywords = {Anomaly detection;Feature extraction;Transformers;Image reconstruction;Hyperspectral imaging;Adaptation models;Training;Deep learning;Anomaly detection;dual-window mask transformer (DWMTrans);hyperspectral image (HSI)},
  doi      = {10.1109/JSTARS.2022.3232762}
}

@article{DeepLR,
  author   = {Wang, Shaoyu and Wang, Xinyu and Zhang, Liangpei and Zhong, Yanfei},
  journal  = TGRS,
  title    = {Deep Low-Rank Prior for Hyperspectral Anomaly Detection},
  year     = {2022},
  volume   = {60},
  number   = {},
  pages    = {1-17},
  keywords = {Hyperspectral imaging;Image reconstruction;Anomaly detection;Detectors;Optimization;Minimization;Training;Autoencoder (AE);hyperspectral anomaly detection;iterative optimization;low-rank prior},
  doi      = {10.1109/TGRS.2022.3165833}
}



@misc{BSDM,
  title         = {{BSDM}: Background Suppression Diffusion Model for Hyperspectral Anomaly Detection},
  author        = {Jitao Ma and Weiying Xie and Yunsong Li and Leyuan Fang},
  year          = {2023},
  eprint        = {2307.09861},
  archiveprefix = {arXiv},
  primaryclass  = {cs.CV}
}


@article{AutoAD,
  author   = {Wang, Shaoyu and Wang, Xinyu and Zhang, Liangpei and Zhong, Yanfei},
  journal  = TGRS,
  title    = {{AutoAD}: Autonomous Hyperspectral Anomaly Detection Network Based on Fully Convolutional Autoencoder},
  year     = {2022},
  volume   = {60},
  number   = {},
  pages    = {1-14},
  keywords = {Image reconstruction;Hyperspectral imaging;Anomaly detection;Detectors;Estimation;Training;Feature extraction;Adaptive-weighted loss;autonomous detection;fully convolutional autoencoder (AE);hyperspectral anomaly detection},
  doi      = {10.1109/TGRS.2021.3057721}
}


@article{ViT,
  title   = {An image is worth 16x16 words: Transformers for image recognition at scale},
  author  = {Alexey, Dosovitskiy},
  journal = {arXiv preprint arXiv: 2010.11929},
  year    = {2020}
}



@article{AETNet,
  author   = {Li, Zhaoxu and Wang, Yingqian and Xiao, Chao and Ling, Qiang and Lin, Zaiping and An, Wei},
  journal  = TGRS,
  title    = {{You Only Train Once}: Learning a General Anomaly Enhancement Network With Random Masks for Hyperspectral Anomaly Detection},
  year     = {2023},
  volume   = {61},
  number   = {},
  pages    = {1-18},
  keywords = {Hyperspectral imaging;Training;Transforms;Task analysis;Transformers;Tensors;Image reconstruction;Anomaly detection (AD);hyperspectral imagery (HSI);vision transformer (ViT)},
  doi      = {10.1109/TGRS.2023.3258067}
}


@article{SMCNet,
  author   = {Wu, Zhaoyue and Paoletti, Mercedes E. and Su, Hongjun and Zheng, Pan and Zhang, Zhong and Haut, Juan M. and Plaza, Antonio},
  journal  = TGRS,
  title    = {{SMCNet}: Sparse-Inspired Masked Convolutional Network for Hyperspectral Anomaly Detection},
  year     = {2024},
  volume   = {62},
  number   = {},
  pages    = {1-17},
  keywords = {Anomaly detection;Image reconstruction;Hyperspectral imaging;Feature extraction;Tensors;Deep learning;Decoding;Convolutional neural networks;Europe;Attention mechanisms;Deep learning;hybrid attention mechanism;hyperspectral anomaly detection;masked convolutional network;sparse representation},
  doi      = {10.1109/TGRS.2024.3477256}
}



@article{BS3LNet,
  author   = {Gao, Lianru and Wang, Degang and Zhuang, Lina and Sun, Xu and Huang, Min and Plaza, Antonio},
  journal  = TGRS,
  title    = {{BS3LNet}: A New Blind-Spot Self-Supervised Learning Network for Hyperspectral Anomaly Detection},
  year     = {2023},
  volume   = {61},
  number   = {},
  pages    = {1-18},
  keywords = {Image reconstruction;Task analysis;Hyperspectral imaging;Feature extraction;Training;Image restoration;Supervised learning;Deep learning (DL);hyperspectral image (HSI);image reconstruction;neural network},
  doi      = {10.1109/TGRS.2023.3246565}
}


@article{CRD,
  author   = {Li, Wei and Du, Qian},
  journal  = TGRS,
  title    = {Collaborative Representation for Hyperspectral Anomaly Detection},
  year     = {2015},
  volume   = {53},
  number   = {3},
  pages    = {1463-1474},
  keywords = {Vectors;Kernel;Detectors;Hyperspectral imaging;Collaboration;Approximation methods;Anomaly detection;collaborative representation;kernel collaborative representation;hyperspectral imagery (HSI);sparse representation;Anomaly detection;collaborative representation;kernel collaborative representation;hyperspectral imagery (HSI);sparse representation},
  doi      = {10.1109/TGRS.2014.2343955}
}


@article{8561244,
  author   = {Su, Hongjun and Wu, Zhaoyue and Du, Qian and Du, Peijun},
  journal  = JSTARS,
  title    = {Hyperspectral Anomaly Detection Using Collaborative Representation With Outlier Removal},
  year     = {2018},
  volume   = {11},
  number   = {12},
  pages    = {5029-5038},
  keywords = {Principal component analysis;Anomaly detection;Hyperspectral imaging;Collaboration;Detectors;Anomaly detection;collaborative representation (CR);hyperspectral imagery;PCA;target detection},
  doi      = {10.1109/JSTARS.2018.2880749}
}


@article{1386510,
  author   = {Heesung Kwon and Nasrabadi, N.M.},
  journal  = TGRS,
  title    = {{Kernel RX-algorithm}: a nonlinear anomaly detector for hyperspectral imagery},
  year     = {2005},
  volume   = {43},
  number   = {2},
  pages    = {388-397},
  keywords = {Kernel;Detectors;Hyperspectral imaging;Hyperspectral sensors;Object detection;Detection algorithms;Testing;Gaussian distribution;Military computing;Layout;Anomaly detection;hyperspectral images;kernel-based learning;kernels;target detection},
  doi      = {10.1109/TGRS.2004.841487}
}



@article{10419061,
  author   = {Wu, Ziyu and Wang, Bin},
  journal  = TGRS,
  title    = {Transformer-Based Autoencoder Framework for Nonlinear Hyperspectral Anomaly Detection},
  year     = {2024},
  volume   = {62},
  number   = {},
  pages    = {1-15},
  keywords = {Anomaly detection;Detectors;Hyperspectral imaging;Training;Image reconstruction;Transformers;Kernel;Autoencoder (AE);extended multilinear mixing model (EMLM);hyperspectral images (HSIs);local clustering;nonlinear anomaly detection;overlapped patches;transformer (TR)},
  doi      = {10.1109/TGRS.2024.3361469}
}

@article{9715082,
  author   = {Liu, Yidan and Xie, Weiying and Li, Yunsong and Li, Zan and Du, Qian},
  journal  = TGRS,
  title    = {Dual-Frequency Autoencoder for Anomaly Detection in Transformed Hyperspectral Imagery},
  year     = {2022},
  volume   = {60},
  number   = {},
  pages    = {1-13},
  keywords = {Hyperspectral imaging;Anomaly detection;Detectors;Task analysis;Image reconstruction;Frequency-domain analysis;Unsupervised learning;Autoencoder (AE);dual-frequency;hyperspectral anomaly detection (HAD);transformation},
  doi      = {10.1109/TGRS.2022.3152263}
}


@article{6180173,
  author   = {Liu, Guangcan and Lin, Zhouchen and Yan, Shuicheng and Sun, Ju and Yu, Yong and Ma, Yi},
  journal  = PAMI,
  title    = {Robust Recovery of Subspace Structures by Low-Rank Representation},
  year     = {2013},
  volume   = {35},
  number   = {1},
  pages    = {171-184},
  keywords = {Robustness;Noise;Dictionaries;Optimization;Polynomials;Data models;Vectors;Low-rank representation;subspace clustering;segmentation;outlier detection},
  doi      = {10.1109/TPAMI.2012.88}
}


@article{7322257,
  author   = {Xu, Yang and Wu, Zebin and Li, Jun and Plaza, Antonio and Wei, Zhihui},
  journal  = TGRS,
  title    = {Anomaly Detection in Hyperspectral Images Based on Low-Rank and Sparse Representation},
  year     = {2016},
  volume   = {54},
  number   = {4},
  pages    = {1990-2000},
  keywords = {Hyperspectral imaging;Sparse matrices;Detectors;Object detection;Anomaly detection;dictionary construction;hyperspectral image (HSI) analysis;low-rank representation (LRR);sparse representation;Anomaly detection;dictionary construction;hyperspectral image (HSI) analysis;low-rank representation (LRR);sparse representation},
  doi      = {10.1109/TGRS.2015.2493201}
}


@article{9205919,
  author   = {Chang, Chein-I},
  journal  = TGRS,
  title    = {An Effective Evaluation Tool for Hyperspectral Target Detection: 3D Receiver Operating Characteristic Curve Analysis},
  year     = {2021},
  volume   = {59},
  number   = {6},
  pages    = {5131-5153},
  keywords = {Detectors;Three-dimensional displays;Two dimensional displays;Tools;Hyperspectral imaging;Receivers;Probability;3D receiver operating characteristic (3D ROC);area under an ROC curve (AUC);BKG suppressibility (BS);joint target detectability with BKG suppressibility (JTDBS);overall detection (OD);OD probability (ODP);signal-to-noise probability ratio (SNPR);target detectability (TD);target detection in BKG (TD-BS)},
  doi      = {10.1109/TGRS.2020.3021671}
}



@article{6555921,
  author   = {Bioucas-Dias, Jose M. and Plaza, Antonio and Camps-Valls, Gustavo and Scheunders, Paul and Nasrabadi, Nasser and Chanussot, Jocelyn},
  journal  = GRSM,
  title    = {Hyperspectral Remote Sensing Data Analysis and Future Challenges},
  year     = {2013},
  volume   = {1},
  number   = {2},
  pages    = {6-36},
  keywords = {Tutorials;Hyperspectral imaging;Spatial resolution;Data integration;Image restoration;Sensors},
  doi      = {10.1109/MGRS.2013.2244672}
}


@article{keshava2002spectral,
  title     = {Spectral unmixing},
  author    = {Keshava, Nirmal and Mustard, John F},
  journal   =  SPL,
  volume    = {19},
  number    = {1},
  pages     = {44--57},
  year      = {2002},
  publisher = {IEEE}
}

@article{shi2014incorporating,
  title     = {Incorporating spatial information in spectral unmixing: A review},
  author    = {Shi, Chen and Wang, Le},
  journal   =  RSE,
  volume    = {149},
  pages     = {70--87},
  year      = {2014},
  publisher = {Elsevier}
}

@book{chang2007hyperspectral,
  title     = {Hyperspectral data exploitation: theory and applications},
  author    = {Chang, Chein-I},
  year      = {2007},
  publisher = {John Wiley \& Sons}
}

@article{manolakis2002detection,
  title     = {Detection algorithms for hyperspectral imaging applications},
  author    = {Manolakis, Dimitris and Shaw, Gary},
  journal   =  SPL,
  volume    = {19},
  number    = {1},
  pages     = {29--43},
  year      = {2002},
  publisher = {IEEE}
}

@article{green1998imaging,
  title     = {Imaging spectroscopy and the airborne visible/infrared imaging spectrometer (AVIRIS)},
  author    = {Green, Robert O and Eastwood, Michael L and Sarture, Charles M and Chrien, Thomas G and Aronsson, Mikael and Chippendale, Bruce J and Faust, Jessica A and Pavri, Betina E and Chovit, Christopher J and Solis, Manuel and others},
  journal   =  RSE,
  volume    = {65},
  number    = {3},
  pages     = {227--248},
  year      = {1998},
  publisher = {Elsevier}
}

@article{chang2020effective,
  title     = {An effective evaluation tool for hyperspectral target detection: 3D receiver operating characteristic curve analysis},
  author    = {Chang, Chein-I},
  journal   =  TGRS,
  volume    = {59},
  number    = {6},
  pages     = {5131--5153},
  year      = {2020},
  publisher = {IEEE}
}

@article{kwon2005kernel,
  title     = {Kernel RX-algorithm: A nonlinear anomaly detector for hyperspectral imagery},
  author    = {Kwon, Heesung and Nasrabadi, Nasser M},
  journal   =  TGRS,
  volume    = {43},
  number    = {2},
  pages     = {388--397},
  year      = {2005},
  publisher = {IEEE}
}

@inproceedings{nasrabadi2008regularization,
  title        = {Regularization for spectral matched filter and RX anomaly detector},
  author       = {Nasrabadi, Nasser M},
  booktitle    = {Algorithms and Technologies for Multispectral, Hyperspectral, and Ultraspectral Imagery XIV},
  volume       = {6966},
  pages        = {28--39},
  year         = {2008},
  organization = {SPIE}
}

@article{matteoli2010improved,
  title     = {Improved estimation of local background covariance matrix for anomaly detection in hyperspectral images},
  author    = {Matteoli, Stefania and Diani, Marco and Corsini, Giovanni},
  journal   = OE,
  volume    = {49},
  number    = {4},
  pages     = {046201--046201},
  year      = {2010},
  publisher = {Society of Photo-Optical Instrumentation Engineers}
}

@article{guo2014weighted,
  title     = {Weighted-RXD and linear filter-based RXD: Improving background statistics estimation for anomaly detection in hyperspectral imagery},
  author    = {Guo, Qiandong and Zhang, Bing and Ran, Qiong and Gao, Lianru and Li, Jun and Plaza, Antonio},
  journal   = JSTARS,
  volume    = {7},
  number    = {6},
  pages     = {2351--2366},
  year      = {2014},
  publisher = {IEEE}
}

@article{matteoli2010tutorial,
  title     = {A tutorial overview of anomaly detection in hyperspectral images},
  author    = {Matteoli, Stefania and Diani, Marco and Corsini, Giovanni},
  journal   = AESMag,
  volume    = {25},
  number    = {7},
  pages     = {5--28},
  year      = {2010},
  publisher = {IEEE}
}

@article{li2014exploring,
  title     = {Exploring the best hyperspectral features for LAI estimation using partial least squares regression},
  author    = {Li, Xinchuan and Zhang, Youjing and Bao, Yansong and Luo, Juhua and Jin, Xiuliang and Xu, Xingang and Song, Xiaoyu and Yang, Guijun},
  journal   = RS,
  volume    = {6},
  number    = {7},
  pages     = {6221--6241},
  year      = {2014},
  publisher = {MDPI}
}

@inproceedings{boardman1995mapping,
  title     = {Mapping target signatures via partial unmixing of AVIRIS data},
  author    = {Boardman, Joseph W and Kruse, Fred A and Green, Robert O},
  booktitle = {Summaries of the fifth annual JPL airborne earth science workshop. Volume 1: AVIRIS workshop},
  year      = {1995}
}

@article{chang2010review,
  title     = {A review of unsupervised spectral target analysis for hyperspectral imagery},
  author    = {Chang, Chein-I and Jiao, Xiaoli and Wu, Chao-Cheng and Du, Yingzi and Chang, Mann-Li},
  journal   = EURASIP,
  volume    = {2010},
  pages     = {1--26},
  year      = {2010},
  publisher = {Springer}
}

@article{zhang2011using,
  title     = {Using hyperspectral vegetation indices as a proxy to monitor soil salinity},
  author    = {Zhang, Ting-Ting and Zeng, Sheng-Lan and Gao, Yu and Ouyang, Zu-Tao and Li, Bo and Fang, Chang-Ming and Zhao, Bin},
  journal   = EI,
  volume    = {11},
  number    = {6},
  pages     = {1552--1562},
  year      = {2011},
  publisher = {Elsevier}
}

@article{bioucas2013hyperspectral,
  title     = {Hyperspectral remote sensing data analysis and future challenges},
  author    = {Bioucas-Dias, Jos{\'e} M and Plaza, Antonio and Camps-Valls, Gustavo and Scheunders, Paul and Nasrabadi, Nasser and Chanussot, Jocelyn},
  journal   = GRSM,
  volume    = {1},
  number    = {2},
  pages     = {6--36},
  year      = {2013},
  publisher = {IEEE}
}

@article{xu2022hyperspectral,
  title     = {Hyperspectral anomaly detection based on machine learning: An overview},
  author    = {Xu, Yichu and Zhang, Lefei and Du, Bo and Zhang, Liangpei},
  journal   = JSTARS,
  volume    = {15},
  pages     = {3351--3364},
  year      = {2022},
  publisher = {IEEE}
}

@article{xie2020autoencoder,
  title     = {Autoencoder and adversarial-learning-based semisupervised background estimation for hyperspectral anomaly detection},
  author    = {Xie, Weiying and Liu, Baozhu and Li, Yunsong and Lei, Jie and Du, Qian},
  journal   =  TGRS,
  volume    = {58},
  number    = {8},
  pages     = {5416--5427},
  year      = {2020},
  publisher = {IEEE}
}

@article{zhang2016crop,
  title     = {Crop classification based on feature band set construction and object-oriented approach using hyperspectral images},
  author    = {Zhang, Xia and Sun, Yanli and Shang, Kun and Zhang, Lifu and Wang, Shudong},
  journal   = JSTARS,
  volume    = {9},
  number    = {9},
  pages     = {4117--4128},
  year      = {2016},
  publisher = {IEEE}
}

@article{jiang2020discriminative,
  title     = {Discriminative reconstruction constrained generative adversarial network for hyperspectral anomaly detection},
  author    = {Jiang, Tao and Li, Yunsong and Xie, Weiying and Du, Qian},
  journal   =  TGRS,
  volume    = {58},
  number    = {7},
  pages     = {4666--4679},
  year      = {2020},
  publisher = {IEEE}
}



@inproceedings{he2016identity,
  title        = {Identity mappings in deep residual networks},
  author       = {He, Kaiming and Zhang, Xiangyu and Ren, Shaoqing and Sun, Jian},
  booktitle    = {Computer Vision--ECCV 2016: 14th European Conference, Amsterdam, The Netherlands, October 11--14, 2016, Proceedings, Part IV 14},
  pages        = {630--645},
  year         = {2016},
  organization = {Springer}
}

@inproceedings{zhou2018deeplink,
  title        = {Deeplink: A deep learning approach for user identity linkage},
  author       = {Zhou, Fan and Liu, Lei and Zhang, Kunpeng and Trajcevski, Goce and Wu, Jin and Zhong, Ting},
  booktitle    = {IEEE INFOCOM 2018-IEEE conference on computer communications},
  pages        = {1313--1321},
  year         = {2018},
  organization = {IEEE}
}

@article{hardt2016identity,
  title   = {Identity matters in deep learning},
  author  = {Hardt, Moritz and Ma, Tengyu},
  journal = {arXiv preprint arXiv:1611.04231},
  year    = {2016}
}

@inproceedings{chen2020simple,
  title        = {A simple framework for contrastive learning of visual representations},
  author       = {Chen, Ting and Kornblith, Simon and Norouzi, Mohammad and Hinton, Geoffrey},
  booktitle    = {International conference on machine learning},
  pages        = {1597--1607},
  year         = {2020},
  organization = {PmLR}
}

@article{liu2021self,
  title     = {Self-supervised learning: Generative or contrastive},
  author    = {Liu, Xiao and Zhang, Fanjin and Hou, Zhenyu and Mian, Li and Wang, Zhaoyu and Zhang, Jing and Tang, Jie},
  journal   = TKDE,
  volume    = {35},
  number    = {1},
  pages     = {857--876},
  year      = {2021},
  publisher = {IEEE}
}

@article{ma2019transformed,
  title     = {Transformed l1 regularization for learning sparse deep neural networks},
  author    = {Ma, Rongrong and Miao, Jianyu and Niu, Lingfeng and Zhang, Peng},
  journal   = TNNLS,
  volume    = {119},
  pages     = {286--298},
  year      = {2019},
  publisher = {Elsevier}
}

@inproceedings{tan2019efficientnet,
  title        = {Efficientnet: Rethinking model scaling for convolutional neural networks},
  author       = {Tan, Mingxing and Le, Quoc},
  booktitle    = {International conference on machine learning},
  pages        = {6105--6114},
  year         = {2019},
  organization = {PMLR}
}





@article{matteoli2010local,
  title   = {A local approach to hyperspectral anomaly detection},
  author  = {Matteoli, Stefania and Diani, Marco and Corsini, Giovanni},
  journal =  TGRS,
  volume  = {48},
  number  = {7},
  pages   = {2880--2890},
  year    = {2010}
}

@article{su2021hyperspectral,
  title     = {Hyperspectral anomaly detection: A survey},
  author    = {Su, Hongjun and Wu, Zhaoyue and Zhang, Huihui and Du, Qian},
  journal   = GRSM,
  volume    = {10},
  number    = {1},
  pages     = {64--90},
  year      = {2021},
  publisher = {IEEE}
}



@article{zhuang2021hyperspectral,
  author  = {L. Zhuang and X. Fu and M. K. Ng and J. M. Bioucas-Dias},
  title   = {Hyperspectral image denoising based on global and nonlocal low-rank factorizations},
  journal =  TGRS,
  volume  = {59},
  number  = {12},
  pages   = {10438--10454},
  month   = {December},
  year    = {2021}
}

@article{zhuang2020hyperspectral,
  author  = {L. Zhuang and M. K. Ng},
  title   = {Hyperspectral mixed noise removal by l1-norm-based subspace representation},
  journal = JSTARS,
  volume  = {13},
  pages   = {1143--1157},
  year    = {2020}
}

@article{jiang2022nonnegative,
  author  = {T.-X. Jiang and M. K. Ng and J. Pan and G.-J. Song},
  title   = {Nonnegative low rank tensor approximations with multidimensional image applications},
  journal = NM,
  volume  = {153},
  pages   = {141--170},
  month   = {October},
  year    = {2022}
}

@article{zhuang2021fasthymix,
  author  = {L. Zhuang and M. K. Ng},
  title   = {FastHyMix: Fast and parameter-free hyperspectral image mixed noise removal},
  journal = TNNLS,
  month   = {September},
  year    = {2021}
}

@article{li2020lowrank,
  author  = {L. Li and W. Li and Q. Du and R. Tao},
  title   = {Low-rank and sparse decomposition with mixture of Gaussian for hyperspectral anomaly detection},
  journal = CSVT,
  volume  = {51},
  number  = {9},
  pages   = {4363--4372},
  month   = {September},
  year    = {2020}
}

@article{zhuang2023crosstrack,
  author  = {L. Zhuang and M. K. Ng and Y. Liu},
  title   = {Cross-track illumination correction for hyperspectral pushbroom sensor images using low-rank and sparse representations},
  journal =  TGRS,
  volume  = {61},
  year    = {2023}
}

@article{zhao2022hyperspectral,
  author  = {X. Zhao and W. Li and C. Zhao and R. Tao},
  title   = {Hyperspectral target detection based on weighted Cauchy distance graph and local adaptive collaborative representation},
  journal =  TGRS,
  volume  = {60},
  year    = {2022}
}

@article{liu2010robust,
  title   = {Robust recovery of subspace structures by low-rank representation},
  author  = {Liu, Guangcan and Lin, Zhouchen and Yan, Shuicheng and Sun, Ju and Yu, Yong and Ma, Yi},
  journal = PAMI,
  volume  = {35},
  number  = {1},
  pages   = {171--184},
  year    = {2010}
}

@article{xu2015low,
  title   = {Low-rank and sparse matrix decomposition via the truncated nuclear norm and a sparse regularizer},
  author  = {Xu, Mengyang and Wu, Zongze and Cham, Tat-Jen},
  journal = TVC,
  volume  = {31},
  number  = {2},
  pages   = {219--232},
  year    = {2015}
}

@article{zhang2014hyperspectral,
  title   = {Hyperspectral anomaly detection via a sparsity score estimation framework},
  author  = {Zhang, Yulei and Du, Bo and Zhang, Liangpei},
  journal =  TGRS,
  volume  = {52},
  number  = {8},
  pages   = {5154--5166},
  year    = {2014}
}


@inproceedings{taghipour2019unsupervised,
  title        = {Unsupervised hyperspectral target detection using spectral residual of deep autoencoder networks},
  author       = {Taghipour, Ashkan and Ghassemian, Hassan},
  booktitle    = {2019 4th International Conference on Pattern Recognition and Image Analysis (IPRIA)},
  pages        = {52--57},
  year         = {2019},
  organization = {IEEE}
}

@inproceedings{luo2022frequency,
  title     = {Frequency-driven imperceptible adversarial attack on semantic similarity},
  author    = {Luo, Cheng and Lin, Qinliang and Xie, Weicheng and Wu, Bizhu and Xie, Jinheng and Shen, Linlin},
  booktitle = {Proceedings of the IEEE/CVF conference on computer vision and pattern recognition},
  pages     = {15315--15324},
  year      = {2022}
}

@inproceedings{wang2023digging,
  title     = {Digging into depth priors for outdoor neural radiance fields},
  author    = {Wang, Chen and Sun, Jiadai and Liu, Lina and Wu, Chenming and Shen, Zhelun and Wu, Dayan and Dai, Yuchao and Zhang, Liangjun},
  booktitle = {Proceedings of the 31st ACM International Conference on Multimedia},
  pages     = {1221--1230},
  year      = {2023}
}

@article{wang2023frequency,
  title     = {Frequency-to-spectrum mapping GAN for semisupervised hyperspectral anomaly detection},
  author    = {Wang, Degang and Gao, Lianru and Qu, Ying and Sun, Xu and Liao, Wenzhi},
  journal   = CIT,
  volume    = {8},
  number    = {4},
  pages     = {1258--1273},
  year      = {2023},
  publisher = {Wiley Online Library}
}

}

@inproceedings{arjovsky2017wasserstein,
  title        = {Wasserstein generative adversarial networks},
  author       = {Arjovsky, Martin and Chintala, Soumith and Bottou, L{\'e}on},
  booktitle    = {International conference on machine learning},
  pages        = {214--223},
  year         = {2017},
  organization = {PMLR}
}

@inproceedings{manolakis2001statistics,
  title={Statistics of hyperspectral imaging data},
  author={Manolakis, Dimitris G and Marden, David and Kerekes, John P and Shaw, Gary A},
  booktitle={Algorithms for multispectral, hyperspectral, and ultraspectral imagery VII},
  volume={4381},
  pages={308--316},
  year={2001},
  organization={SPIE}
}

@article{abuhani2025generative,
  title={Generative Artificial Intelligence for Hyperspectral Sensor Data: A Review},
  author={Abuhani, Diaa Addeen and Zualkernan, Imran and Aldamani, Raghad and Alshafai, Mohamed},
  journal=JSTARS,
  year={2025},
  publisher={IEEE}
}

@article{nishii1996enhancement,
  title={Enhancement of low spatial resolution image based on high resolution-bands},
  author={Nishii, Ryuei and Kusanobu, Saeko and Tanaka, Shojiro},
  journal= TGRS,
  volume={34},
  number={5},
  pages={1151--1158},
  year={1996},
  publisher={IEEE}
}

@article{yin2015laplacian,
  title={Laplacian regularized low-rank representation and its applications},
  author={Yin, Ming and Gao, Junbin and Lin, Zhouchen},
  journal= PAMI,
  volume={38},
  number={3},
  pages={504--517},
  year={2015},
  publisher={IEEE}
}

@article{goodfellow2014generative,
  title   = {Generative adversarial nets},
  author  = {Goodfellow, Ian J and Pouget-Abadie, Jean and Mirza, Mehdi and Xu, Bing and Warde-Farley, David and Ozair, Sherjil and Courville, Aaron and Bengio, Yoshua},
  journal = NIPS,
  volume  = {27},
  year    = {2014}
}

@article{wu2024transformer,
  title     = {Transformer-based autoencoder framework for nonlinear hyperspectral anomaly detection},
  author    = {Wu, Ziyu and Wang, Bin},
  journal   =  TGRS,
  volume    = {62},
  pages     = {1--15},
  year      = {2024},
  publisher = {IEEE}
}

@article{liu2024msnet,
  title     = {MSNet: Self-Supervised Multi-Scale Network with Enhanced Separation Training for Hyperspectral Anomaly Detection},
  author    = {Liu, Haijun and Su, Xi and Shen, Xiangfei and Zhou, Xichuan},
  journal   =  TGRS,
  year      = {2024},
  publisher = {IEEE}
}

@article{vaswani2017attention,
  title   = {Attention is all you need},
  author  = {Vaswani, Ashish and Shazeer, Noam and Parmar, Niki and Uszkoreit, Jakob and Jones, Llion and Gomez, Aidan N and Kaiser, {\L}ukasz and Polosukhin, Illia},
  journal = NIPS,
  volume  = {30},
  year    = {2017}
}

@article{zhang2023spectrum,
  title     = {Spectrum-Induced Transformer-Based Feature Learning for Multiple Change Detection in Hyperspectral Images},
  author    = {Zhang, Wuxia and Zhang, Yuhang and Gao, Shiwen and Lu, Xiaoqiang and Tang, Yi and Liu, Shihu},
  journal   =  TGRS,
  volume    = {62},
  pages     = {1--12},
  year      = {2023},
  publisher = {IEEE}
}

@article{mou2017deep,
  title     = {Deep recurrent neural networks for hyperspectral image classification},
  author    = {Mou, Lichao and Ghamisi, Pedram and Zhu, Xiao Xiang},
  journal   =  TGRS,
  volume    = {55},
  number    = {7},
  pages     = {3639--3655},
  year      = {2017},
  publisher = {IEEE}
}

@article{li2024superpixel,
  title     = {Superpixel-Based Low-Rank Tensor Factorization for Blind Nonlinear Hyperspectral Unmixing},
  author    = {Li, Heng-Chao and Feng, Xin-Ru and Wang, Rui and Gao, Lianru and Du, Qian},
  journal   = IEEESensors,
  year      = {2024},
  publisher = {IEEE}
}

@article{shafiq2022deep,
  title     = {Deep residual learning for image recognition: A survey},
  author    = {Shafiq, Muhammad and Gu, Zhaoquan},
  journal   = APPS,
  volume    = {12},
  number    = {18},
  pages     = {8972},
  year      = {2022},
  publisher = {MDPI}
}

@article{gao2021using,
  title     = {Using low-rank representation of abundance maps and nonnegative tensor factorization for hyperspectral nonlinear unmixing},
  author    = {Gao, Lianru and Wang, Zhicheng and Zhuang, Lina and Yu, Haoyang and Zhang, Bing and Chanussot, Jocelyn},
  journal   =  TGRS,
  volume    = {60},
  pages     = {1--17},
  year      = {2021},
  publisher = {IEEE}
}

@article{li2019deep,
  title     = {Deep learning for hyperspectral image classification: An overview},
  author    = {Li, Shutao and Song, Weiwei and Fang, Leyuan and Chen, Yushi and Ghamisi, Pedram and Benediktsson, Jon Atli},
  journal   =  TGRS,
  volume    = {57},
  number    = {9},
  pages     = {6690--6709},
  year      = {2019},
  publisher = {IEEE}
}

@inproceedings{yu2011improved,
  title     = {Improved bottleneck features using pretrained deep neural networks.},
  author    = {Yu, Dong and Seltzer, Michael L},
  booktitle = {Interspeech},
  volume    = {237},
  pages     = {240},
  year      = {2011}
}

@article{schweizer_efficient_2001,
  title   = {Efficient detection in hyperspectral imagery},
  volume  = {10},
  issn    = {1941-0042},
  doi     = {10.1109/83.913593},
  number  = {4},
  urldate = {2025-03-19},
  journal = TIP,
  author  = {Schweizer, S.M. and Moura, J.M.F.},
  month   = apr,
  year    = {2001},
  pages   = {584--597}
}

@article{du_beyond_2016,
  title   = {Beyond the Sparsity-Based Target Detector: A Hybrid Sparsity and Statistics-Based Detector for Hyperspectral Images},
  volume  = {25},
  issn    = {1941-0042},
  doi     = {10.1109/TIP.2016.2601268},
  number  = {11},
  urldate = {2025-03-19},
  journal = TIP,
  author  = {Du, Bo and Zhang, Yuxiang and Zhang, Liangpei and Tao, Dacheng},
  month   = nov,
  year    = {2016},
  pages   = {5345--5357}
}

@article{altmann_supervised_2012,
  title   = {Supervised Nonlinear Spectral Unmixing Using a Postnonlinear Mixing Model for Hyperspectral Imagery},
  volume  = {21},
  issn    = {1941-0042},
  url     = {https://ieeexplore.ieee.org/document/6151825},
  doi     = {10.1109/TIP.2012.2187668},
  number  = {6},
  urldate = {2025-03-19},
  journal = TIP,
  author  = {Altmann, Yoann and Halimi, Abderrahim and Dobigeon, Nicolas and Tourneret, Jean-Yves},
  month   = jun,
  year    = {2012},
  pages   = {3017--3025}
}

@article{yang_compressive_2015,
  title   = {Compressive Sensing by Learning a Gaussian Mixture Model From Measurements},
  volume  = {24},
  issn    = {1941-0042},
  doi     = {10.1109/TIP.2014.2365720},
  number  = {1},
  urldate = {2025-03-19},
  journal = TIP,
  author  = {Yang, Jianbo and Liao, Xuejun and Yuan, Xin and Llull, Patrick and Brady, David J. and Sapiro, Guillermo and Carin, Lawrence},
  month   = jan,
  year    = {2015},
  pages   = {106--119}
}

@article{li_learning_2024,
  title   = {Learning a Cross-Modality Anomaly Detector for Remote Sensing Imagery},
  volume  = {33},
  issn    = {1941-0042},
  doi     = {10.1109/TIP.2024.3490894},
  urldate = {2025-03-19},
  journal = TIP,
  author  = {Li, Jingtao and Wang, Xinyu and Zhao, Hengwei and Zhong, Yanfei},
  year    = {2024},
  pages   = {6607--6621}
}

@inproceedings{hartley2004minimization,
  title={L-Minimization in Geometric Reconstruction Problems},
  author={Hartley, Richard and Schaffalitzky, Frederik and others},
  booktitle={CVPR (1)},
  pages={504--509},
  year={2004}
}


@article{song20203,
  title={3-D receiver operating characteristic analysis for hyperspectral image classification},
  author={Song, Meiping and Shang, Xiaodi and Chang, Chein-I},
  journal= TGRS,
  volume={58},
  number={11},
  pages={8093--8115},
  year={2020},
  publisher={IEEE}
}

@article{Cui2024Reconstruction,
  title={Reconstruction of large-scale missing data in remote sensing images using {Extend-GAN}},
  author={Cui, Yongchuan and Liu, Peng and Ma, Yan and Chen, Lajiao and Xu, Mengzhen and Guo, Xingyan},
  journal= GRSL,
  volume={11},
  number={},
  pages={1-5},
  year={2024},
  publisher={IEEE}
}

@article{Cui2024Pixel,
  title={Pixel-Wise Ensembled Masked Autoencoder for Multispectral Pan-Sharpening},
  author={Cui, Yongchuan and Liu, Peng and Ma, Yan and Chen, Lajiao and Xu, Mengzhen and Guo, Xingyan},
  journal= TGRS,
  volume={62},
  number={},
  pages={1-22},
  year={2024},
  publisher={IEEE}
}

@article{Cui2025Pansharpening,
  title={Pansharpening via predictive filtering with element-wise feature mixing},
  author={Cui, Yongchuan and Liu, Peng and Ma, Yan and Chen, Lajiao and Xu, Mengzhen and Guo, Xingyan},
  journal= ISPRS,
  volume={219},
  pages={22-37},
  year={2025},
  publisher={Elsevier}
}

@article{Cui2024Semi,
  title={Semi-blind Compressed Sensing: a Quantitatively Descriptive Framework for Spatiotemporal Fusion of Remote Sensing Images},
  author={Cui, Yongchuan and Liu, Peng and Ma, Yan and Chen, Lajiao and Xu, Mengzhen and Guo, Xingyan},
  journal= TGRS,
  volume={62},
  number={},
  pages={1-16},
  year={2024},
  publisher={IEEE}
}
